@article{PGU2010,
author = {Синявский, Э. П. and Карапетян, С. А.},
journal = {Вестник Приднестровского Университета},
language = {russian},
number = {3},
pages = {196--201},
title = {{Влияние поверхности на кинетические явления в низкоразмерных квантовых системах}},
year = {2010}
}
@article{Minsk2008a,
author = {Синявский, Э. П. and Карапетян, С. А. and Бурлачук, А. В.},
journal = {Лазерная и оптико-электронная техника: Сб. науч. статей},
language = {russian},
pages = {106--112},
title = {{Особенности межзонного и внутризонного поглощения света в наноструктурах с учетом рассеяния на шероховатой поверхности}},
volume = {11},
year = {2008}
}
@article{PGU2008,
author = {Синявский, Э. П. and Карапетян, С. А.},
journal = {Вестник Приднестровского Университета},
language = {russian},
number = {3},
pages = {3--10},
title = {{Электропроводность в размерно-квантованных системах с учетом рассеяния носителей на поверхности и фононах}},
year = {2008}
}
@article{PGU2012,
author = {Карапетян, С. А. and Синявский, Э. П. and Соловенко, В. Г.},
journal = {Вестник Приднестровского Университета},
language = {russian},
number = {3},
pages = {13--20},
title = {{Исследование кинетических явлений в квантовых проволоках с учетом анизотропии эффективных масс}},
year = {2012}
}
@article{PGU2006,
author = {Синявский, Э. П. and Карапетян, С. А.},
journal = {Вестник Приднестровского Университета},
language = {russian},
number = {3},
pages = {34--40},
title = {{Электропроводность в размерно-квантованных системах с учетом рассеяния носителей на поверхности (случай дельтообразной флуктуации поверхности)}},
year = {2006}
}
