% Encoding: UTF-8
@inproceedings{Sineavsky2006,
author = {Sineavsky, E. P. and Karapetyan, S. A.},
booktitle = {AIP Conference Proceedings},
doi = {10.1063/1.2355300},
issn = {0094243X},
keywords = {III-V and II-VI semiconductors,Quantum wells,Surface conductivity and carrier phenomena},
language = {english},
pages = {1558--1559},
publisher = {AIP},
title = {{Influence of Carrier Scattering on Rough Surface on Electric Conductivity in Size Quantized Systems}},
url = {http://aip.scitation.org/doi/abs/10.1063/1.2355300},
volume = {850},
year = {2006}
}

@Article{Karapetyan2012a,
  author   = {Синявский, Э. П. and Карапетян, С. А.},
  title    = {{Влияние поперечного электрического поля на подвижность в нанопроволоках}},
  journal  = {ФТП},
  year     = {2012},
  volume   = {46},
  number   = {8},
  pages    = {1032--1034},
  doi      = {10.1134/S1063782612080210},
  language = {russian},
  url      = {http://journals.ioffe.ru/articles/viewPDF/7766},
}
@article{Karapetyan2006,
abstract = {Вычисляется частотная зависимость коэффициента межзонного магнетопоглощения слабой электромагнитной волны в постоянном электрическом поле и в поле резонансного лазерного излучения, частота которого равна циклотронной частоте (магнитоинфракрасный резонанс). Обсуждаются особенности межзонного поглощения света, вносимые однородным электрическим полем, когда частота лазерного излучения равна частоте размерного квантования в параболической квантовой яме (размерно-инфракрасный резонанс).},
author = {Синявский, Э. П. and Карапетян, С. А.},
doi = {10.1134/S1063783406050234},
journal = {ФТТ},
language = {russian},
number = {5},
pages = {906--908},
title = {{Влияние электрического поля на магнетопоглощение в поле резонансного лазерного излучения}},
url = {http://journals.ioffe.ru/articles/viewPDF/3412 https://link.springer.com/article/10.1134{\%}2FS1063783406050234},
volume = {48},
year = {2006}
}

@Article{Karapetyan2011a,
  author   = {Синявский, Э. П. and Карапетян, С. А.},
  title    = {{Исследования подвижности в низкоразмерных системах в постоянном поперечном электрическом поле}},
  journal  = {ФТП},
  year     = {2011},
  volume   = {45},
  number   = {8},
  pages    = {1032--1034},
  month    = {aug},
  doi      = {10.1134/S1063782611080185},
  issn     = {1063-7826},
  language = {russian},
  url      = {http://link.springer.com/10.1134/S1063782611080185 http://journals.ioffe.ru/articles/viewPDF/7485},
}
@article{Karapetyan2014,
author = {Синявский, Э. П. and Карапетян, С. А.},
doi = {10.1134/S1063782614020250},
issn = {1063-7826},
journal = {ФТП},
language = {russian},
month = {feb},
number = {2},
pages = {216--218},
title = {{Особенности подвижности в нанопроволоках в поперечных электрическом и магнитном полях}},
url = {http://link.springer.com/10.1134/S1063782614020250},
volume = {48},
year = {2014}
}
@article{Karapetyan2017,
author = {Синявский, Э. П. and Карапетян, С. А. and Костюкевич, Н. С.},
doi = {10.21883/FTT.2017.04.44280.066},
issn = {0044-4642},
journal = {ФТТ},
language = {russian},
number = {4},
pages = {762--765},
title = {{Влияние резонансного ИК-лазерного излучения на магнетопоглощение в квантовых проволоках}},
url = {http://journals.ioffe.ru/articles/44280},
volume = {59},
year = {2017}
}
@article{Solovenko2012,
author = {Синявский, Э. П. and Соловенко, В. Г. and Карапетян, С. А.},
journal = {Термоэлектричество},
language = {russian},
number = {1},
pages = {13--18},
title = {{Термоэдс в нанопроволоках Bi в попереченом постоянном электрическом поле}},
year = {2012}
}

@Comment{jabref-meta: databaseType:bibtex;}
