% Encoding: UTF-8

@InProceedings{Karapetyan2004,
  author    = {Синявский, Э. П. and Карапетян, С. А.},
  title     = {Влияние электрического поля на магнетопоглощение в поле резонансного лазерного излучения},
  booktitle = {Труды IV международной конференции «опто-, наноэлектроника, нанотехнологии и микросистемы»},
  year      = {2004},
  address   = {Ульяновск},
  language  = {russian},
}

@Comment{jabref-meta: databaseType:bibtex;}
