% Encoding: UTF-8

@Article{Sakaki1987,
  author  = {Sakaki, H. and Noda, T. and Hirakawa, K. and Tanaka, M. and Matsusue, T.},
  title   = {Interface roughness scattering in GaAs/AlAs quantum wells},
  year    = {1987},
  volume  = {51},
  number  = {23},
  pages   = {1934-1936},
  doi     = {http://dx.doi.org/10.1063/1.98305},
  url     = {http://scitation.aip.org/content/aip/journal/apl/51/23/10.1063/1.98305},
  journal = {Applied Physics Letters},
}

@Comment{jabref-meta: databaseType:biblatex;}
